@Article{Shilpa,
  author = "Naga, Shilpa",
  title =   "Self efficacy, perceived stress and happiness among students",
  journal = " 2017 International Conference on Advances in Computing, Communications and Informatics               (ICACCI)",
  pages =  "2105--2109",
  year = "2017",
  DOI = "10.1109/ICACCI.2017.8126156",
  
}

@book{Andura,
    author = "Andura, Albert", 
    title = "Self-efficacy: The exercise of control", 
    publisher = "Macmillan", 
    year = "1997.",
} 

@mastersthesis{Prasad,
    author = "R. Prasad",
    title =   "Happiness at the Workplace: Does it Enhance Performance?",
    school = " Fellowship Program in Management thesis of Indian Institute of Management",
    year = "2011",

}

@Article{Brand,
    author = "H. S. Brand, M. Schoonheim-Klein,", 
    title = "Is the OSCE more stressful? Examination anxiety and its consequences in different assessment methods in dental education", 
    journal = "European Journal of Dental Education",
    volume = "13",
    pages = "147--153",
    year = "2009.",
}
